@article{brunton2016discovering,
  title={Discovering governing equations from data by sparse identification of nonlinear dynamical systems},
  author={Brunton, Steven L and Proctor, Joshua L and Kutz, J Nathan},
  journal={Proceedings of the National Academy of Sciences},
  pages={201517384},
  year={2016},
  publisher={National Acad Sciences}
}

@article{williams2015data,
  title={A data--driven approximation of the koopman operator: Extending dynamic mode decomposition},
  author={Williams, Matthew O and Kevrekidis, Ioannis G and Rowley, Clarence W},
  journal={Journal of Nonlinear Science},
  volume={25},
  number={6},
  pages={1307--1346},
  year={2015},
  publisher={Springer}
}

@article{witherden2014pyfr,
  title={PyFR: An open source framework for solving advection--diffusion type problems on streaming architectures using the flux reconstruction approach},
  author={Witherden, Freddie D and Farrington, Antony M and Vincent, Peter E},
  journal={Computer Physics Communications},
  volume={185},
  number={11},
  pages={3028--3040},
  year={2014},
  publisher={Elsevier}
}

@article{rudy2017data,
  title={Data-driven discovery of partial differential equations},
  author={Rudy, Samuel H and Brunton, Steven L and Proctor, Joshua L and Kutz, J Nathan},
  journal={Science Advances},
  volume={3},
  number={4},
  pages={e1602614},
  year={2017},
  publisher={American Association for the Advancement of Science}
}

@book{kutz2016dynamic,
  title={Dynamic mode decomposition: data-driven modeling of complex systems},
  author={Kutz, J Nathan and Brunton, Steven L and Brunton, Bingni W and Proctor, Joshua L},
  volume={149},
  year={2016},
  pages={39--52},
  publisher={SIAM}
}

@inproceedings{johnson2018class,
  title={A class of logistic functions for approximating state-inclusive koopman operators},
  author={Johnson, Charles A and Yeung, Enoch},
  booktitle={2018 Annual American Control Conference (ACC)},
  pages={4803--4810},
  year={2018},
  organization={IEEE}
}

@book{van1982analytical,
  title={Analytical solutions of the one-dimensional convective-dispersive solute transport equation},
  author={Van Genuchten, Martinus Theodorus},
  number={1661},
  year={1982},
  publisher={US Department of Agriculture, Agricultural Research Service}
}

@article{rudin1992nonlinear,
  title={Nonlinear total variation based noise removal algorithms},
  author={Rudin, Leonid I and Osher, Stanley and Fatemi, Emad},
  journal={Physica D: nonlinear phenomena},
  volume={60},
  number={1-4},
  pages={259--268},
  year={1992},
  publisher={Elsevier}
}

@inproceedings{langley2015heuristic,
  title={Heuristic Induction of Rate-Based Process Models.},
  author={Langley, Pat and Arvay, Adam},
  booktitle={AAAI},
  pages={537--543},
  year={2015}
}

@article{bridewell2008inductive,
  title={Inductive process modeling},
  author={Bridewell, Will and Langley, Pat and Todorovski, Ljup{\v{c}}o and D{\v{z}}eroski, Sa{\v{s}}o},
  journal={Machine learning},
  volume={71},
  number={1},
  pages={1--32},
  year={2008},
  publisher={Springer}
}

@article{schmid2010dynamic,
  title={Dynamic mode decomposition of numerical and experimental data},
  author={Schmid, Peter J},
  journal={Journal of fluid mechanics},
  volume={656},
  pages={5--28},
  year={2010},
  publisher={Cambridge University Press}
}

@inproceedings{ryan1998grammatical,
  title={Grammatical evolution: Evolving programs for an arbitrary language},
  author={Ryan, Conor and Collins, John James and Neill, Michael O},
  booktitle={European Conference on Genetic Programming},
  pages={83--96},
  year={1998},
  organization={Springer}
}

@incollection{morton2018deep,
title = {Deep Dynamical Modeling and Control of Unsteady Fluid Flows},
author = {Morton, Jeremy and Jameson, Antony and Kochenderfer, Mykel J and Witherden, Freddie},
booktitle = {Advances in Neural Information Processing Systems 31},
pages = {9278--9288},
year = {2018},
publisher = {Curran Associates, Inc.},
}


@article{kaiser2018sparse,
  title={Sparse identification of nonlinear dynamics for model predictive control in the low-data limit},
  author={Kaiser, Eurika and Kutz, J Nathan and Brunton, Steven L},
  journal={Proceedings of the Royal Society A},
  volume={474},
  number={2219},
  year={2018},
  publisher={The Royal Society Publishing}
}

@article{korda2018linear,
  title={Linear predictors for nonlinear dynamical systems: Koopman operator meets model predictive control},
  author={Korda, Milan and Mezi{\'c}, Igor},
  journal={Automatica},
  volume={93},
  pages={149--160},
  year={2018},
  publisher={Elsevier}
}

@article{proctor2016dynamic,
  title={Dynamic mode decomposition with control},
  author={Proctor, Joshua L and Brunton, Steven L and Kutz, J Nathan},
  journal={SIAM Journal on Applied Dynamical Systems},
  volume={15},
  number={1},
  pages={142--161},
  year={2016},
  publisher={SIAM}
}

@book{kochenderfer2019algorithms,
  title={Algorithms for Optimization},
  author={Kochenderfer, M.J. and Wheeler, T.A.},
  isbn={9780262039420},
  lccn={2018023091},
  year={2019},
  publisher={MIT Press}
}

@article{tibshirani1996regression,
  title={Regression shrinkage and selection via the lasso},
  author={Tibshirani, Robert},
  journal={Journal of the Royal Statistical Society. Series B (Methodological)},
  pages={267--288},
  year={1996},
  publisher={JSTOR}
}